@book{book:web,
  author = {Бородаев Д. В.},
  year = {2006},
  title = {Веб-сайт как объект графического дизайна. Монография.},
  publisher = {Септима ЛТД},
  address = {Х.},
}

@misc{website:yandex1,
      author = "Академия Яндекса. Что такое фреймворк",
      title = "\\https://academy.yandex.ru/journal/chto-takoe-frejmvork",
      year = "2023",
      url = "https://academy.yandex.ru/journal/chto-takoe-frejmvork"
}

@misc{website:skillbox1,
      author = "Skillbox Media. Что такое UX/UI-дизайн и как попасть в эту профессию",
      title = "\\https://skillbox.ru/media/design/ux\_ui\_dizayn\_chto\_eto\_takoe/",
      year = "2022",
      url = "https://skillbox.ru/media/design/ux\_ui\_dizayn\_chto\_eto\_takoe/"
}

@misc{website:crowdin,
      author = "Crowdin. Localization Management Platform for agile teams",
      title = "https://crowdin.com/",
      year = "2009-2023",
      url = "https://crowdin.com/"
}

@misc{website:nota,
      author = "Notabenoid.Org. Система коллективных переводов",
      title = "http://notabenoid.org/",
      year = "2008-2023",
      url = "http://notabenoid.org/"
}

@misc{website:transifex,
      author = "Transifex. The best platform to continuously localize any digital content",
      title = "https://www.transifex.com/",
      year = "2009-2023",
      url = "https://www.transifex.com/"
}

@misc{website:wiki,
      author = "translatewiki.net. Сообщество локализации проектов с открытым исходным кодом",
      title = "https://translatewiki.net/",
      year = "2006-2023",
      url = "https://translatewiki.net/"
}

@misc{website:weblate,
      author = "Weblate. Перевод с помощью сетевых технологий",
      title = "https://weblate.org/",
      year = "2012-2023",
      url = "https://weblate.org/"
}

@misc{website:hexlet,
      author = "Хекслет. 5 лучших фреймворков для верстки: как они устроены и есть ли у них минусы\\",
      title = "https://ru.hexlet.io/blog/posts/5-luchshih-freymvorkov-dlya-verstki",
      year = "2021",
      url = "https://ru.hexlet.io/blog/posts/5-luchshih-freymvorkov-dlya-verstki"
}

@misc{website:html,
      author = "MDN. Основы HTML",
      title = "\\https://developer.mozilla.org/ru/docs/Learn/Getting\_started\_with\_the\_web/HTML\_basics",
      year = "2022",
      url = "https://developer.mozilla.org/ru/docs/Learn/Getting\_started\_with\_the\_web/HTML\_basics"
}

@misc{website:css,
      author = "MDN. Основы CSS",
      title = "\\https://developer.mozilla.org/ru/docs/Learn/Getting\_started\_with\_the\_web/CSS\_basics",
      year = "2023",
      url = "https://developer.mozilla.org/ru/docs/Learn/Getting\_started\_with\_the\_web/CSS\_basics"
}